@inproceedings{10.1145/1478786.1478840,
author = {Walther, J. S.},
title = {A Unified Algorithm for Elementary Functions},
year = {1971},
isbn = {9781450379076},
publisher = {Association for Computing Machinery},
address = {New York, NY, USA},
url = {https://doi.org/10.1145/1478786.1478840},
doi = {10.1145/1478786.1478840},
abstract = {This paper describes a single unified algorithm for the calculation of elementary functions including multiplication, division, sin, cos, tan, arctan, sinh, cosh, tanh, arctanh, In, exp and square-root. The basis for the algorithm is coordinate rotation in a linear, circular, or hyperbolic coordinate system depending on which function is to be calculated. The only operations required are shifting, adding, subtracting and the recall of prestored constants. The limited domain of convergence of the algorithm is calculated, leading to a discussion of the modifications required to extend the domain for floating point calculations.},
booktitle = {Proceedings of the May 18-20, 1971, Spring Joint Computer Conference},
pages = {379–385},
numpages = {7},
location = {Atlantic City, New Jersey},
series = {AFIPS '71 (Spring)}
}

@article{10.5555/352135.2812970,
author = {Walther, John Stephen},
title = {The Story of Unified Cordic},
year = {2000},
issue_date = {June 2000},
publisher = {Kluwer Academic Publishers},
address = {USA},
volume = {25},
number = {2},
issn = {0922-5773},
abstract = {The story is told of how the Unified Cordic algorithm came to be developed, starting from an idea in the mind of a student and culminating in a product, a patent, a paper, a motorcade, and an award. Along the way, a unified algorithm for generating the elementary functions and the math co-processor industry in Silicon Valley were born.},
journal = {J. VLSI Signal Process. Syst.},
month = jun,
pages = {107–112},
numpages = {6}
}

@article{tesis,
author = {Schweers, Robert Joachim},
title = {Descripción en VHDL de arquitecturas para implementar el algoritmo CORDIC},
year = {2002},
issue_date = {2002},
address = {Universidad Nacional de La Plata},
abstract = {En el presente trabajo se estudia el algoritmo de cómputo numérico CORDIC y se describen algunas de sus variantes arquitecturales. Para comenzar se realizará una descripción a nivel funcional algorítmica con un alto nivel de abstracción del algoritmo en VHDL, utilizando aritmética en punto flotante proporcionada por el lenguaje. El propósito es validar el funcionamiento de algoritmo mediante el cálculo del seno, del coseno y del arcotangente. Seguidamente se realizará la descripción de dos de las arquitecturas mas comunes (CORDIC bitparalelo desplegado y CORDIC bit-paralelo iterativo) utilizando aritmética de punto fijo como forma de representación numérica. La descripción de las arquitecturas particulares, se llevará a cabo a partir del funcionamiento correcto de la descripción funcional algorítmica. Otro aspecto interesante es la modificación de los parámetros principales que afectan a las arquitecturas, ancho de palabra y número de iteraciones. Para verificar el funcionamiento de las descripciones, se utilizarán como referencia a las funciones seno, coseno y arcotangente. La validación se llevará a cabo utilizando MATLABTM como herramienta de comparación.},
journal = {http://sedici.unlp.edu.ar/handle/10915/3835}
}

@article{baykov1,
author = {Baykov, Vladimir and Somolov,Vladimir},
title = {Hardware implementation of the elementary functions in computers},
year = {1975},
address = {Leningrad (St.-Petersburg)},
journal = {http://baykov.de/CORDIC1972.htm}
}
@article{baykov2,
author = {Baykov, Vladimir and Somolov,Vladimir},
title = { Special-purpose processors: iterative algorithms and structures},
year = {1985},
address = {Moscow},
journal = {http://baykov.de/Cordic1985.htm}
}
@INPROCEEDINGS {volder,
author = {J. Volder},
booktitle = {Managing Requirements Knowledge, International Workshop on},
title = {The CORDIC Computing Technique},
year = {1959},
volume = {1},
issn = {},
pages = {257},
keywords = {},
doi = {10.1109/AFIPS.1959.57},
url = {https://doi.ieeecomputersociety.org/10.1109/AFIPS.1959.57},
publisher = {IEEE Computer Society},
address = {Los Alamitos, CA, USA},
month = {mar}
}
